@article{Eriksson2010,
	author = {A Eriksson and M Nilsson Jacobi and J Nyström and K Tunstrøm},
	title = {Determining interaction rules in animal swarms},
	journal = {Behavioral Ecology},
	doi = {10.1093/beheco/arq118},
	volume = {21},
	number= {5},
	pages = {1106--1111},
	year = {2010}
}

@article{Chiang2009,
	author = {C-S Chiang and C Hoffmann and S Mittal},
	title = {Emergent Crowd Behaviour},
	journal = {Computer-Aided Design and Applications},
	doi = {10.3722/cadaps.2009.xxx-yyy},
	volume = {6},
	number= {6},
	pages = {865--875},
	year = {2009}
}

@article{Reynolds1987,
	author = {C Reynolds},
	title = {Flocks, Herds, and Schools: A distributed Behavioural Model},
	journal = {Computer Graphics},
	volume = {21},
	number = {4},
	pages = {25--34},
	year = {1987}
}	

@book{Beta,
  title = {Mathematics Handbook},
  publisher = {Studentlitteratur},
  year = {1998},
  author = {L. Råde and B. Westergren},
  edition = {4th},
  note = {``Beta''},
  keywords = {mathematics},
  owner = {skymandr},
  timestamp = {2009.08.11}
}

@book{Physics,
  title = {Physics Handbook},
  publisher = {Studentlitteratur},
  year = {1999},
  author = {C. Nordling and J. Österman},
  edition = {6th},
  note = {``Physics''},
  keywords = {physics},
  owner = {skymandr},
  timestamp = {2009.08.11}
}




